@article{lecun-mnisthandwrittendigit-2010,
  added-at = {2010-06-28T21:16:30.000+0200},
  author = {LeCun, Yann and Cortes, Corinna},
  biburl = {https://www.bibsonomy.org/bibtex/2935bad99fa1f65e03c25b315aa3c1032/mhwombat},
  groups = {public},
  howpublished = {http://yann.lecun.com/exdb/mnist/},
  interhash = {21b9d0558bd66279df9452562df6e6f3},
  intrahash = {935bad99fa1f65e03c25b315aa3c1032},
  keywords = {MSc _checked character_recognition mnist network neural},
  lastchecked = {2016-01-14 14:24:11},
  timestamp = {2016-07-12T19:25:30.000+0200},
  title = {{MNIST} handwritten digit database},
  url = {http://yann.lecun.com/exdb/mnist/},
  username = {mhwombat},
  year = 2010
}

@article{b:Lecun,
author = {Lecun, Yann and Bottou, Leon and Bengio, Y. and Haffner, Patrick},
year = {1998},
month = {12},
pages = {2278 - 2324},
title = {Gradient-Based Learning Applied to Document Recognition},
volume = {86},
journal = {Proceedings of the IEEE},
doi = {10.1109/5.726791}
}

@article{b:Keysers,
author = {Keysers, Daniel and Deselaers, Thomas and Gollan, Christian and Ney, Hermann},
year = {2007},
month = {09},
pages = {1422-35},
title = {Deformation Models for Image Recognition},
volume = {29},
journal = {IEEE transactions on pattern analysis and machine intelligence},
doi = {10.1109/TPAMI.2007.1153}
}

@inproceedings{b:Simard,
author = {Simard, Patrice and Steinkraus, David and Platt, John},
year = {2003},
month = {01},
pages = {958-962},
title = {Best Practices for Convolutional Neural Networks Applied to Visual Document Analysis.},
doi = {10.1109/ICDAR.2003.1227801}
}

@article{b:Cire_an_2010,
   title={Deep, Big, Simple Neural Nets for Handwritten Digit Recognition},
   volume={22},
   ISSN={1530-888X},
   url={http://dx.doi.org/10.1162/NECO_a_00052},
   DOI={10.1162/neco_a_00052},
   number={12},
   journal={Neural Computation},
   publisher={MIT Press - Journals},
   author={Cireşan, Dan Claudiu and Meier, Ueli and Gambardella, Luca Maria and Schmidhuber, Jürgen},
   year={2010},
   month={Dec},
   pages={3207–3220}
}

@ARTICLE{b:otsu,
  author={N. {Otsu}},
  journal={IEEE Transactions on Systems, Man, and Cybernetics}, 
  title={A Threshold Selection Method from Gray-Level Histograms}, 
  year={1979},
  volume={9},
  number={1},
  pages={62-66},
  doi={10.1109/TSMC.1979.4310076}}